 <marc:record xmlns:marc="http://www.loc.gov/MARC21/slim">
        <marc:leader>01189cam a2200325 a 4500</marc:leader>
        <marc:controlfield tag="001">59364</marc:controlfield>
        <marc:controlfield tag="005">20160922142505.0</marc:controlfield>
        <marc:controlfield tag="008">870313s1797 enk 00000 eng d</marc:controlfield>
        <marc:datafield tag="035" ind1=" " ind2=" ">
            <marc:subfield code="a">(OCoLC)ocm78951082</marc:subfield>
        </marc:datafield>
        <marc:datafield tag="035" ind1=" " ind2=" ">
            <marc:subfield code="a">(OCoLC)78951082</marc:subfield>
        </marc:datafield>
        <marc:datafield tag="035" ind1=" " ind2=" ">
            <marc:subfield code="a">(CStRLIN)PAUG87-B7116</marc:subfield>
        </marc:datafield>
        <marc:datafield tag="035" ind1=" " ind2=" ">
            <marc:subfield code="a">(CaOTULAS)185126875</marc:subfield>
        </marc:datafield>
        <marc:datafield tag="035" ind1=" " ind2=" ">
            <marc:subfield code="9">AAG8040</marc:subfield>
        </marc:datafield>
        <marc:datafield tag="035" ind1=" " ind2=" ">
            <marc:subfield code="a">59364</marc:subfield>
        </marc:datafield>
        <marc:datafield tag="040" ind1=" " ind2=" ">
            <marc:subfield code="a">PU</marc:subfield>
            <marc:subfield code="c">PU</marc:subfield>
        </marc:datafield>
        <marc:datafield tag="090" ind1=" " ind2=" ">
            <marc:subfield code="a">PR3991.A1</marc:subfield>
            <marc:subfield code="b">A27 1797</marc:subfield>
            <marc:subfield code="i">03/16/87 CT</marc:subfield>
        </marc:datafield>
        <marc:datafield tag="245" ind1="0" ind2="0">
            <marc:subfield code="a">Abstract :</marc:subfield>
            <marc:subfield code="b">a character from life, in two volumes.</marc:subfield>
        </marc:datafield>
        <marc:datafield tag="246" ind1=" " ind2=" ">
            <marc:subfield code="a">Abstract.</marc:subfield>
            <marc:subfield code="d">Letter-press</marc:subfield>
            <marc:subfield code="g">Half</marc:subfield>
            <marc:subfield code="v">v.1</marc:subfield>
            <marc:subfield code="v">v.2</marc:subfield>
            <marc:subfield code="x">Work</marc:subfield>
        </marc:datafield>
        <marc:datafield tag="246" ind1=" " ind2=" ">
            <marc:subfield code="a">Abstract. A character from life. In two volumes. Vol. I.</marc:subfield>
            <marc:subfield code="d">Letter-press</marc:subfield>
            <marc:subfield code="g">Full</marc:subfield>
            <marc:subfield code="v">v.1</marc:subfield>
            <marc:subfield code="x">Volume</marc:subfield>
        </marc:datafield>
        <marc:datafield tag="246" ind1=" " ind2=" ">
            <marc:subfield code="a">Abstract. A character from life. In two volumes. Vol. II.</marc:subfield>
            <marc:subfield code="d">Letter-press</marc:subfield>
            <marc:subfield code="g">Full</marc:subfield>
            <marc:subfield code="v">v.2</marc:subfield>
            <marc:subfield code="x">Volume</marc:subfield>
        </marc:datafield>
        <marc:datafield tag="246" ind1="0" ind2="7">
            <marc:subfield code="a">Abstract.</marc:subfield>
            <marc:subfield code="v">v.1</marc:subfield>
            <marc:subfield code="v">v.2</marc:subfield>
        </marc:datafield>
        <marc:datafield tag="246" ind1="0" ind2="7">
            <marc:subfield code="a">Abstract. (verso)</marc:subfield>
            <marc:subfield code="a">Abstract. (recto)</marc:subfield>
            <marc:subfield code="v">v.1</marc:subfield>
            <marc:subfield code="v">v.2</marc:subfield>
        </marc:datafield>
        <marc:datafield tag="260" ind1=" " ind2=" ">
            <marc:subfield code="a">London</marc:subfield>
            <marc:subfield code="b">Printed for William Lane, at the Minerva-Press, Leadenhall-Street.</marc:subfield>
            <marc:subfield code="c">1797</marc:subfield>
            <marc:subfield code="c">M.DCC.XCVII.</marc:subfield>
            <marc:subfield code="v">v.1</marc:subfield>
            <marc:subfield code="v">v.2</marc:subfield>
        </marc:datafield>
        <marc:datafield tag="300" ind1=" " ind2=" ">
            <marc:subfield code="a">2 v. ;</marc:subfield>
            <marc:subfield code="c">18 cm. (8vo)</marc:subfield>
            <marc:subfield code="x">Octavo</marc:subfield>
            <marc:subfield code="z">In two volumes</marc:subfield>
        </marc:datafield>
        <marc:datafield tag="500" ind1=" " ind2=" ">
            <marc:subfield code="a">Paper with heading "Conditions of the Suffolk Circulating Libra" [presumably library; paper has been ripped] pasted onto front paste-down endpaper, v.1. Begins: "Thomas Wells' bookstore, No. 92 Hanover Street. Subscribers are entitled to the use of four duodecimo or two octavo volumes at a time, by paying..."</marc:subfield>
        </marc:datafield>
        <marc:datafield tag="500" ind1=" " ind2=" ">
            <marc:subfield code="a">Paper with heading "Tremont Library. Tudor's Buildings, No. 24 Court-St. Boston." pasted onto front paste-down endpaper, v.2, apparently obscuring another paper. Text begins: "Terms. Subscribers, by paying in advance for the period of... will be entitled (for their own use,) to the loan of three volumes at one time."</marc:subfield>
        </marc:datafield>
        <marc:datafield tag="500" ind1=" " ind2=" ">
            <marc:subfield code="a">University of Pennsylvania bookplate on front free end paper, v.1-2.</marc:subfield>
        </marc:datafield>
        <marc:datafield tag="500" ind1=" " ind2=" ">
            <marc:subfield code="a">Library marginalia on back free end paper, v.1-2.</marc:subfield>
        </marc:datafield>
        <marc:datafield tag="510" ind1="4" ind2=" ">
            <marc:subfield code="a">Blakey, D. Minerva Press</marc:subfield>
            <marc:subfield code="c">p. 179</marc:subfield>
        </marc:datafield>
        <marc:datafield tag="510" ind1="4" ind2=" ">
            <marc:subfield code="a">ESTC (RLIN)</marc:subfield>
            <marc:subfield code="c">N29155</marc:subfield>
        </marc:datafield>
        <marc:datafield tag="510" ind1="4" ind2=" ">
            <marc:subfield code="a">English novel, 1770-1829,</marc:subfield>
            <marc:subfield code="c">1797:1</marc:subfield>
        </marc:datafield>
        <marc:datafield tag="520" ind1=" " ind2=" ">
            <marc:subfield code="a">To the reader</marc:subfield>
            <marc:subfield code="b">Abstract. Book I. Chap. I</marc:subfield>
            <marc:subfield code="c">Front</marc:subfield>
            <marc:subfield code="v">v.1</marc:subfield>
            <marc:subfield code="x">The first chapter is a letter to the reader. Transcription: "Courteous reader, As a prefatory chapter is a point of etiquette which no polite authors should omit..."</marc:subfield>
        </marc:datafield>
        <marc:datafield tag="520" ind1=" " ind2=" ">
            <marc:subfield code="a">Footnotes</marc:subfield>
            <marc:subfield code="c">Middle</marc:subfield>
            <marc:subfield code="v">v.1</marc:subfield>
            <marc:subfield code="x">On pp. 139, 163, and 169.</marc:subfield>
        </marc:datafield>
        <marc:datafield tag="520" ind1=" " ind2=" ">
            <marc:subfield code="a">To the reader</marc:subfield>
            <marc:subfield code="b">Advice to the reader.</marc:subfield>
            <marc:subfield code="c">Front</marc:subfield>
            <marc:subfield code="v">v.2</marc:subfield>
            <marc:subfield code="x">Transcription: "Conjugal weakness is not one of the many predominant weaknesses which characterize the present aera." Section running title reads "Preface."</marc:subfield>
        </marc:datafield>
        <marc:datafield tag="591" ind1=" " ind2=" ">
            <marc:subfield code="a">S'il y a quelque reforme a tenter dans les moeurs publiques, c'est par les moeurs domestiques qu'elle doit commencer.</marc:subfield>
            <marc:subfield code="2">Rousseau</marc:subfield>
            <marc:subfield code="b">La nouvelle Héloïse</marc:subfield>
            <marc:subfield code="c">Jean-Jacques Rousseau</marc:subfield>
            <marc:subfield code="d">If there is to be reform in public morals, it is necessary to begin with domestic morals.</marc:subfield>
            <marc:subfield code="v">v.1</marc:subfield>
            <marc:subfield code="v">v.2</marc:subfield>
            <marc:subfield code="x">Rough translation from Google Translate</marc:subfield>
        </marc:datafield>
        <marc:datafield tag="592" ind1=" " ind2=" ">
            <marc:subfield code="a">Epistolary</marc:subfield>
        </marc:datafield>
        <marc:datafield tag="595" ind1=" " ind2=" ">
            <marc:subfield code="a">Ink</marc:subfield>
            <marc:subfield code="b">Words</marc:subfield>
            <marc:subfield code="v">v.2</marc:subfield>
            <marc:subfield code="x">A word in cursive, perhaps an inscription, partially covered by circulating library bookplate on front paste-down endpaper.</marc:subfield>
        </marc:datafield>
        <marc:datafield tag="650" ind1=" " ind2="4">
            <marc:subfield code="a">CHR 1797</marc:subfield>
        </marc:datafield>
        <marc:datafield tag="650" ind1=" " ind2="4">
            <marc:subfield code="a">PRO Suffolk Circ. Library, Boston, Mass. (bookplate)</marc:subfield>
        </marc:datafield>
        <marc:datafield tag="650" ind1=" " ind2="4">
            <marc:subfield code="a">PRO Tremont Lib., Boston, MA (bookplate)</marc:subfield>
        </marc:datafield>
        <marc:datafield tag="700" ind1=" " ind2=" ">
            <marc:subfield code="a">Rousseau, Jean-Jacques</marc:subfield>
            <marc:subfield code="d">1712-1778</marc:subfield>
            <marc:subfield code="4">Author (epigraph)</marc:subfield>
            <marc:subfield code="5">Authorized</marc:subfield>
        </marc:datafield>
        <marc:datafield tag="700" ind1=" " ind2=" ">
            <marc:subfield code="a">Lane, William</marc:subfield>
            <marc:subfield code="d">-1814</marc:subfield>
            <marc:subfield code="4">Printed for</marc:subfield>
            <marc:subfield code="5">Authorized</marc:subfield>
        </marc:datafield>
        <marc:datafield tag="710" ind1="2" ind2=" ">
            <marc:subfield code="a">Collection of British and American Fiction, 1660-1830 (University of Pennsylvania)</marc:subfield>
            <marc:subfield code="5">PU</marc:subfield>
        </marc:datafield>
        <marc:datafield tag="710" ind1="2" ind2=" ">
            <marc:subfield code="a">Early Novels</marc:subfield>
            <marc:subfield code="5">University of Pennsylvania</marc:subfield>
        </marc:datafield>
        <marc:datafield tag="856" ind1="4" ind2="1">
            <marc:subfield code="z">Facsimile</marc:subfield>
            <marc:subfield code="u">http://hdl.library.upenn.edu/1017/d/print/59364</marc:subfield>
        </marc:datafield>
        <marc:datafield tag="950" ind1=" " ind2=" ">
            <marc:subfield code="l">RBC</marc:subfield>
            <marc:subfield code="e">\\Singer-\Menden-\hall\</marc:subfield>
            <marc:subfield code="v">2 v.</marc:subfield>
            <marc:subfield code="i">03/16/87 C</marc:subfield>
        </marc:datafield>
        <marc:datafield tag="955" ind1=" " ind2=" ">
            <marc:subfield code="l">RBC</marc:subfield>
            <marc:subfield code="c">1:(v.1-2)</marc:subfield>
            <marc:subfield code="q">54-920</marc:subfield>
            <marc:subfield code="s">boxed</marc:subfield>
            <marc:subfield code="i">03/16/87 C</marc:subfield>
        </marc:datafield>
        <marc:datafield tag="989" ind1=" " ind2=" ">
            <marc:subfield code="2">Abstract</marc:subfield>
            <marc:subfield code="2">Character</marc:subfield>
            <marc:subfield code="2">Life</marc:subfield>
            <marc:subfield code="3">Two</marc:subfield>
            <marc:subfield code="2">Volume</marc:subfield>
        </marc:datafield>
        <marc:datafield tag="999" ind1=" " ind2=" ">
            <marc:subfield code="a">DLA</marc:subfield>
            <marc:subfield code="b">20160912</marc:subfield>
        </marc:datafield>
        <marc:datafield tag="999" ind1=" " ind2=" ">
            <marc:subfield code="a">BTA</marc:subfield>
            <marc:subfield code="b">1/6/17</marc:subfield>
            <marc:subfield code="c">University of Pennsylvania</marc:subfield>
            <marc:subfield code="d">YDS</marc:subfield>
        </marc:datafield>
    </marc:record>